<record><leader>00000cas a2200000 a 4500</leader><controlfield tag="001">42347532</controlfield><controlfield tag="008">901208d1990199uwaumr ne      0    0eng c</controlfield><datafield ind1=" " ind2=" " tag="010"><subfield code="a">  2002253103</subfield></datafield><datafield ind1=" " ind2=" " tag="040"><subfield code="a">WaS</subfield><subfield code="b">eng</subfield><subfield code="c">UOK</subfield><subfield code="d">OCL</subfield><subfield code="d">EYM</subfield><subfield code="d">WAU</subfield><subfield code="d">OCLCQ</subfield><subfield code="d">OCLCF</subfield></datafield><datafield ind1="1" ind2=" " tag="029"><subfield code="a">AU@</subfield><subfield code="b">000024078949</subfield></datafield><datafield ind1=" " ind2=" " tag="042"><subfield code="a">pcc</subfield></datafield><datafield ind1=" " ind2=" " tag="043"><subfield code="a">n-us-wa</subfield></datafield><datafield ind1="0" ind2="0" tag="245"><subfield code="a">Lesbian Resource Center community news.</subfield></datafield><datafield ind1="3" ind2="0" tag="246"><subfield code="a">Community news</subfield></datafield><datafield ind1=" " ind2=" " tag="260"><subfield code="a">Seattle, Wash. :</subfield><subfield code="b">Lesbian Resource Center</subfield></datafield><datafield ind1=" " ind2=" " tag="300"><subfield code="a">v. :</subfield><subfield code="b">ill. ;</subfield><subfield code="c">45 cm.</subfield></datafield><datafield ind1=" " ind2=" " tag="310"><subfield code="a">Monthly</subfield></datafield><datafield ind1="1" ind2=" " tag="362"><subfield code="a">Began with June 1990.</subfield></datafield><datafield ind1=" " ind2=" " tag="588"><subfield code="a">Description based on: Oct. 1990; latest issue consulted: Jan. 1991.</subfield></datafield><datafield ind1=" " ind2="0" tag="650"><subfield code="a">Lesbians</subfield><subfield code="z">Washington (State)</subfield><subfield code="z">Seattle Metropolitan Area</subfield><subfield code="v">Newspapers.</subfield></datafield><datafield ind1=" " ind2="0" tag="650"><subfield code="a">Lesbian community</subfield><subfield code="z">Washington (State)</subfield><subfield code="z">Seattle Metropolitan Area</subfield><subfield code="v">Newspapers.</subfield></datafield><datafield ind1=" " ind2="7" tag="655"><subfield code="a">Gay newspapers</subfield><subfield code="z">Washington (State)</subfield><subfield code="z">Seattle.</subfield><subfield code="2">ngl</subfield></datafield><datafield ind1=" " ind2="7" tag="655"><subfield code="a">Newspapers.</subfield><subfield code="2">fast</subfield><subfield code="0">(OCoLC)fst01423814</subfield></datafield><datafield ind1=" " ind2="7" tag="650"><subfield code="a">Lesbian community.</subfield><subfield code="2">fast</subfield><subfield code="0">(OCoLC)fst01432151</subfield></datafield><datafield ind1=" " ind2="7" tag="650"><subfield code="a">Lesbians.</subfield><subfield code="2">fast</subfield><subfield code="0">(OCoLC)fst00996540</subfield></datafield><datafield ind1=" " ind2="7" tag="651"><subfield code="a">Washington (State)</subfield><subfield code="z">Seattle Metropolitan Area.</subfield><subfield code="2">fast</subfield><subfield code="0">(OCoLC)fst01351361</subfield></datafield><datafield ind1="2" ind2=" " tag="710"><subfield code="a">Lesbian Resource Center (Seattle, Wash.)</subfield></datafield><datafield ind1="0" ind2="0" tag="780"><subfield code="a">Lesbian Resource Center (Seattle, Wash.).</subfield><subfield code="t">LRC newsletter</subfield><subfield code="w">(DLC)sn 93020436</subfield><subfield code="w">(OCoLC)28762352</subfield></datafield><datafield ind1="0" ind2="0" tag="785"><subfield code="t">LRC community news</subfield><subfield code="w">(DLC)  2002253104</subfield><subfield code="w">(OCoLC)33533219</subfield></datafield></record>